@book{sornette_book_critical,
  title={Critical phenomena in natural sciences: chaos, fractals, selforganization and disorder: concepts and tools},
  author={Sornette, Didier},
  year={2006},
  publisher={Springer Science \& Business Media}
}

@book{taleb_book_black_sw,
  title={The black swan: The impact of the highly improbable},
  author={Taleb, Nassim Nicholas},
  volume={2},
  year={2007},
  publisher={Random house}
}

@book{bak_SOC_book,
  title={How nature works: the science of self-organized criticality},
  author={Bak, Per},
  year={2013},
  publisher={Springer Science \& Business Media}
}

@book{book_extreme_events,
  title={Extreme events in nature and society},
  author={Albeverio, Sergio and Jentsch, Volker and Kantz, Holger},
  year={2006},
  publisher={Springer Science \& Business Media}
}

@incollection{sornette_chaper_endogenous,
  title={Endogenous versus exogenous origins of crises},
  author={Sornette, Didier},
  booktitle={Extreme events in nature and society},
  pages={95--119},
  year={2006},
  publisher={Springer}
}

@article{hawkes_original,
  title={Spectra of some self-exciting and mutually exciting point processes},
  author={Hawkes, Alan G},
  journal={Biometrika},
  volume={58},
  number={1},
  pages={83--90},
  year={1971},
  publisher={Oxford University Press}
}

@article{mohler_hawkes,
  title={Modeling and estimation of multi-source clustering in crime and security data},
  author={Mohler, George and others},
  journal={The Annals of Applied Statistics},
  volume={7},
  number={3},
  pages={1525--1539},
  year={2013},
  publisher={Institute of Mathematical Statistics}
}

@article{lando_hawkes,
  title={Correlation in corporate defaults: Contagion or conditional independence?},
  author={Lando, David and Nielsen, Mads Stenbo},
  journal={Journal of Financial Intermediation},
  volume={19},
  number={3},
  pages={355--372},
  year={2010},
  publisher={Elsevier}
}

@article{utsu_omori,
  title={A statistical study on the occurrence of aftershocks},
  author={Utsu, Tokuji},
  journal={Geophys. Mag.},
  volume={30},
  pages={521--605},
  year={1961}
}

@article{zawadowski2006short,
  title={Short-term market reaction after extreme price changes of liquid stocks},
  author={Zawadowski, {\'A}d{\'a}m G and Andor, Gy{\"o}rgy and Kert{\'e}sz, J{\'a}nos},
  journal={Quantitative Finance},
  volume={6},
  number={4},
  pages={283--295},
  year={2006},
  publisher={Taylor \& Francis}
}

@book{fluctuation_dissipation,
  title={Nonlinear nonequilibrium thermodynamics I: linear and nonlinear fluctuation-dissipation theorems},
  author={Stratonovich, Rouslan L},
  volume={57},
  year={2012},
  publisher={Springer Science \& Business Media}
}

@article{barabasi_success_1,
  title={Quantifying long-term scientific impact},
  author={Wang, Dashun and Song, Chaoming and Barab{\'a}si, Albert-L{\'a}szl{\'o}},
  journal={Science},
  volume={342},
  number={6154},
  pages={127--132},
  year={2013},
  publisher={American Association for the Advancement of Science}
}

@article{barabasi_success_2,
  title={Untangling performance from success},
  author={Yucesoy, Burcu and Barab{\'a}si, Albert-L{\'a}szl{\'o}},
  journal={EPJ Data Science},
  volume={5},
  number={1},
  pages={1--10},
  year={2016},
  publisher={SpringerOpen}
}

@inproceedings{barabasi_success_3,
  title={Modeling and predicting popularity dynamics via reinforced poisson processes},
  author={Shen, Huawei and Wang, Dashun and Song, Chaoming and Barab{\'a}si, Albert-L{\'a}szl{\'o}},
  booktitle={Proceedings of the AAAI Conference on Artificial Intelligence},
  volume={28},
  number={1},
  year={2014}
}

@article{sornette_books,
  title={Endogenous versus exogenous shocks in complex networks: An empirical test using book sale rankings},
  author={Sornette, Didier and Desch{\^a}tres, Fabrice and Gilbert, Thomas and Ageon, Yann},
  journal={Physical Review Letters},
  volume={93},
  number={22},
  pages={228701},
  year={2004},
  publisher={APS}
}

@article{sornette_youtube,
  title={Robust dynamic classes revealed by measuring the response function of a social system},
  author={Crane, Riley and Sornette, Didier},
  journal={Proceedings of the National Academy of Sciences},
  volume={105},
  number={41},
  pages={15649--15653},
  year={2008},
  publisher={National Acad Sciences}
}

@article{sornette2003endogenous,
  title={Endogenous versus exogenous shocks in systems with memory},
  author={Sornette, Didier and Helmstetter, Agn{\`e}s},
  journal={Physica A: Statistical Mechanics and its Applications},
  volume={318},
  number={3-4},
  pages={577--591},
  year={2003},
  publisher={Elsevier}
}

@incollection{sornette2004volatility,
  title={Volatility fingerprints of large shocks: endogenous versus exogenous},
  author={Sornette, D and Malevergne, Y and Muzy, J-F},
  booktitle={The Application of Econophysics},
  pages={91--102},
  year={2004},
  publisher={Springer}
}

@PREAMBLE{
 "\providecommand{\noopsort}[1]{}" 
 # "\providecommand{\singleletter}[1]{#1}%" 
}

@techreport{excess_volatility_1,
  title={Do stock prices move too much to be justified by subsequent changes in dividends?},
  author={Shiller, Robert J},
  year={1980},
  institution={National Bureau of Economic Research}
}

@article{excess_volatility_2,
  title={The present-value relation: Tests based on implied variance bounds},
  author={LeRoy, Stephen F and Porter, Richard D},
  journal={Econometrica: Journal of the Econometric Society},
  pages={555--574},
  year={1981},
  publisher={JSTOR}
}

@article{cont_empirical,
  title={Empirical properties of asset returns: stylized facts and statistical issues},
  author={Cont, Rama},
  journal={Quantitative Finance},
  volume={1},
  pages={223--236},
  year={2001}
}



@article{Wehrli2021,
author = {Alexander Wehrli and Spencer Wheatley and Didier Sornette},
title = {Scale-, time- and asset-dependence of Hawkes process estimates on high frequency price changes},
journal = {Quantitative Finance},
volume = {21},
number = {5},
pages = {729-752},
year  = {2021},
publisher = {Routledge},
doi = {10.1080/14697688.2020.1838602},

URL = { 
        https://doi.org/10.1080/14697688.2020.1838602
    
},
eprint = { 
        https://doi.org/10.1080/14697688.2020.1838602
    
}

}


@article{fosset2021calibration,
author = {Antoine Fosset and Jean-Philippe Bouchaud and Michael Benzaquen},
title = {Non-parametric estimation of quadratic Hawkes processes for order book events},
journal = {The European Journal of Finance},
volume = {0},
number = {0},
pages = {1-16},
year  = {2021},
publisher = {Routledge},
doi = {10.1080/1351847X.2021.1917441},

URL = { 
        https://doi.org/10.1080/1351847X.2021.1917441
    
},
eprint = { 
        https://doi.org/10.1080/1351847X.2021.1917441
    
}

}


@article{long_range_vol_1,
  title={LONG-TERM MEMORY IN STOCK MARKET PRICES},
  author={Lo, Andrew W},
  journal={Econometrica (1986-1998)},
  volume={59},
  number={5},
  pages={1279},
  year={1991},
  publisher={Blackwell Publishing Ltd.}
}

@article{long_range_vol_2,
  title={A long memory property of stock market returns and a new model},
  author={Ding, Zhuanxin and Granger, Clive WJ and Engle, Robert F},
  journal={Journal of empirical finance},
  volume={1},
  number={1},
  pages={83--106},
  year={1993},
  publisher={North-Holland}
}

@article{zumbach_volatility_1,
  title={Volatility processes and volatility forecast with long memory},
  author={Zumbach, Gilles and others},
  journal={Quantitative Finance},
  volume={4},
  number={1},
  pages={70--86},
  year={2004},
  publisher={Taylor \& Francis}
}

@article{zumbach_time_symmetry,
  title={Time reversal invariance in finance},
  author={Zumbach, Gilles},
  journal={Quantitative Finance},
  volume={9},
  number={5},
  pages={505--515},
  year={2009},
  publisher={Taylor \& Francis}
}

@article{leverage_effect_1,
  title={The stochastic behavior of common stock variances: Value, leverage and interest rate effects},
  author={Christie, Andrew A},
  journal={Journal of financial Economics},
  volume={10},
  number={4},
  pages={407--432},
  year={1982},
  publisher={Elsevier}
}

@article{vol_forecasting,
  title={Forecasting volatility in financial markets: A review},
  author={Poon, Ser-Huang and Granger, Clive WJ},
  journal={Journal of economic literature},
  volume={41},
  number={2},
  pages={478--539},
  year={2003}
}

@incollection{How_markets_slowly_digest,
  title={How markets slowly digest changes in supply and demand},
  author={Bouchaud, Jean-Philippe and Farmer, J Doyne and Lillo, Fabrizio},
  booktitle={Handbook of financial markets: dynamics and evolution},
  pages={57--160},
  year={2009},
  publisher={Elsevier}
}

@article{quadratic_hawkes,
  title={Quadratic Hawkes processes for financial prices},
  author={Blanc, P and Donier, J and Bouchaud, J-P},
  journal={Quantitative Finance},
  volume={17},
  number={2},
  pages={171--188},
  year={2017},
  publisher={Taylor \& Francis Journals}
}

@article{lillo_mantegna_pl,
  title={Power-law relaxation in a complex system: Omori law after a financial market crash},
  author={Lillo, Fabrizio and Mantegna, Rosario N},
  journal={Physical Review E},
  volume={68},
  number={1},
  pages={016119},
  year={2003},
  publisher={APS}
}

@article{omori_law_1,
  title = {Market dynamics immediately before and after financial shocks: Quantifying the Omori, productivity, and Bath laws},
  author = {Petersen, Alexander M. and Wang, Fengzhong and Havlin, Shlomo and Stanley, H. Eugene},
  journal = {Phys. Rev. E},
  volume = {82},
  issue = {3},
  pages = {036114},
  numpages = {11},
  year = {2010},
  month = {Sep},
  publisher = {American Physical Society},
  doi = {10.1103/PhysRevE.82.036114},
  url = {https://link.aps.org/doi/10.1103/PhysRevE.82.036114}
}

@article{omori_law_2,
  title = {Relation between volatility correlations in financial markets and Omori processes occurring on all scales},
  author = {Weber, Philipp and Wang, Fengzhong and Vodenska-Chitkushev, Irena and Havlin, Shlomo and Stanley, H. Eugene},
  journal = {Phys. Rev. E},
  volume = {76},
  issue = {1},
  pages = {016109},
  numpages = {8},
  year = {2007},
  month = {Jul},
  publisher = {American Physical Society},
  doi = {10.1103/PhysRevE.76.016109},
  url = {https://link.aps.org/doi/10.1103/PhysRevE.76.016109}
}

@incollection{sornette_volatility_fingerprints,
  title={Volatility fingerprints of large shocks: endogenous versus exogenous},
  author={Sornette, D and Malevergne, Y and Muzy, J-F},
  booktitle={The Application of Econophysics},
  pages={91--102},
  year={2004},
  publisher={Springer}
}

@article{lillo_mantegna_2,
  title={Dynamics of a financial market index after a crash},
  author={Lillo, Fabrizio and Mantegna, Rosario N},
  journal={Physica A: Statistical Mechanics and its Applications},
  volume={338},
  number={1-2},
  pages={125--134},
  year={2004},
  publisher={Elsevier}
}

@article{pl_relax_1,
  title={Scaling and memory in volatility return intervals in financial markets},
  author={Yamasaki, Kazuko and Muchnik, Lev and Havlin, Shlomo and Bunde, Armin and Stanley, H Eugene},
  journal={Proceedings of the National Academy of Sciences},
  volume={102},
  number={26},
  pages={9424--9428},
  year={2005},
  publisher={National Acad Sciences}
}

@article{pl_relax_2,
  title={Quantitative law describing market dynamics before and after interest-rate change},
  author={Petersen, Alexander M and Wang, Fengzhong and Havlin, Shlomo and Stanley, H Eugene},
  journal={Physical Review E},
  volume={81},
  number={6},
  pages={066121},
  year={2010},
  publisher={APS}
}

@article{pl_time_asymmetry,
  title={Time-reversal asymmetry in financial systems},
  author={Jiang, XF and Chen, TT and Zheng, B},
  journal={Physica A: Statistical Mechanics and its Applications},
  volume={392},
  number={21},
  pages={5369--5375},
  year={2013},
  publisher={Elsevier}
}

@article{pl_bid_ask,
  title = {Market reaction to a bid-ask spread change: A power-law relaxation dynamics},
  author = {Ponzi, Adam and Lillo, Fabrizio and Mantegna, Rosario N.},
  journal = {Phys. Rev. E},
  volume = {80},
  issue = {1},
  pages = {016112},
  numpages = {12},
  year = {2009},
  month = {Jul},
  publisher = {American Physical Society},
  doi = {10.1103/PhysRevE.80.016112},
  url = {https://link.aps.org/doi/10.1103/PhysRevE.80.016112}
}

@techreport{vol_news_1,
  title={What moves stock prices?},
  author={Cutler, David M and Poterba, James M and Summers, Lawrence H},
  year={1988},
  institution={National Bureau of Economic Research}
}

@article{micro_price,
  title={The micro-price: a high-frequency estimator of future prices},
  author={Stoikov, Sasha},
  journal={Quantitative Finance},
  volume={18},
  number={12},
  pages={1959--1966},
  year={2018},
  publisher={Taylor \& Francis}
}

@article{lob_review_1,
  title={Limit order books: a systematic review of literature},
  author={Tripathi, Abhinava and Null, Vipul and Dixit, Alok},
  journal={Qualitative Research in Financial Markets},
  volume={12},
  number={4},
  pages={505--541},
  year={2020}
}

@article{lob_review_2,
  title={Limit order books},
  author={Gould, Martin D and Porter, Mason A and Williams, Stacy and McDonald, Mark and Fenn, Daniel J and Howison, Sam D},
  journal={Quantitative Finance},
  volume={13},
  number={11},
  pages={1709--1742},
  year={2013},
  publisher={Taylor \& Francis}
}

@article{vol_news_2,
  title={Events that shook the market},
  author={Fair, Ray C},
  journal={The Journal of Business},
  volume={75},
  number={4},
  pages={713--731},
  year={2002},
  publisher={JSTOR}
}

@article{vol_news_jp,
  title={Stock price jumps: news and volume play a minor role},
  author={Joulin, Armand and Lefevre, Augustin and Grunberg, Daniel and Bouchaud, Jean-Philippe},
  journal={Wilmott Magazine},
  volume={46},
  year={2008}
}

@article{vol_news_jp2,
  title={Relation between bid--ask spread, impact and volatility in order-driven markets},
  author={Wyart, Matthieu and Bouchaud, Jean-Philippe and Kockelkoren, Julien and Potters, Marc and Vettorazzo, Michele},
  journal={Quantitative finance},
  volume={8},
  number={1},
  pages={41--57},
  year={2008},
  publisher={Taylor \& Francis}
}

@article{vol_news_3,
  title={Do supply and demand drive stock prices?},
  author={Hopman, Carl},
  journal={Quantitative Finance},
  volume={7},
  number={1},
  pages={37--53},
  year={2007},
  publisher={Taylor \& Francis}
}

@article{vol_news_4,
  title={What causes crashes?},
  author={Sornette, Didier and Malevergne, Yannick and Muzy, J-F},
  journal={RISK-LONDON-RISK MAGAZINE LIMITED-},
  volume={16},
  number={2},
  pages={67--72},
  year={2003},
  publisher={RISK MAGAZINE LIMITED}
}

@article{cojump_news,
  title={Collective synchronization and high frequency systemic instabilities in financial markets},
  author={Calcagnile, Lucio Maria and Bormetti, Giacomo and Treccani, Michele and Marmi, Stefano and Lillo, Fabrizio},
  journal={Quantitative Finance},
  volume={18},
  number={2},
  pages={237--247},
  year={2018},
  publisher={Taylor \& Francis}
}

@article{filimonov2012quantifying,
  title={Quantifying reflexivity in financial markets: Toward a prediction of flash crashes},
  author={Filimonov, Vladimir and Sornette, Didier},
  journal={Physical Review E},
  volume={85},
  number={5},
  pages={056108},
  year={2012},
  publisher={APS}
}

@article{wheatley2019endo,
  title={The endo--exo problem in high frequency financial price fluctuations and rejecting criticality},
  author={Wheatley, Spencer and Wehrli, Alexander and Sornette, Didier},
  journal={Quantitative Finance},
  volume={19},
  number={7},
  pages={1165--1178},
  year={2019},
  publisher={Taylor \& Francis}
}

@article{hardiman2013critical,
  title={Critical reflexivity in financial markets: a Hawkes process analysis},
  author={Hardiman, Stephen J and Bercot, Nicolas and Bouchaud, Jean-Philippe},
  journal={The European Physical Journal B},
  volume={86},
  number={10},
  pages={1--9},
  year={2013},
  publisher={Springer}
}

@article{koyama2020statistical,
  title={Statistical physics of discovering exogenous and endogenous factors in a chain of events},
  author={Koyama, Shinsuke and Shinomoto, Shigeru},
  journal={Physical Review Research},
  volume={2},
  number={4},
  pages={043358},
  year={2020},
  publisher={APS}
}

@article{fosset2020endogenous,
  title={Endogenous liquidity crises},
  author={Fosset, Antoine and Bouchaud, Jean-Philippe and Benzaquen, Michael},
  journal={Journal of Statistical Mechanics: Theory and Experiment},
  volume={2020},
  number={6},
  pages={063401},
  year={2020},
  publisher={IOP Publishing}
}

@book{bouchaud2018trades,
  title={Trades, quotes and prices: financial markets under the microscope},
  author={Bouchaud, Jean-Philippe and Bonart, Julius and Donier, Jonathan and Gould, Martin},
  year={2018},
  publisher={Cambridge University Press}
}

@article{jump_test_1,
  title={Jumps in financial markets: A new nonparametric test and jump dynamics},
  author={Lee, Suzanne S and Mykland, Per A},
  journal={The Review of Financial Studies},
  volume={21},
  number={6},
  pages={2535--2563},
  year={2008},
  publisher={Society for Financial Studies}
}

@article{jump_test_2,
  title={Robust estimation of intraweek periodicity in volatility and jump detection},
  author={Boudt, Kris and Croux, Christophe and Laurent, S{\'e}bastien},
  journal={Journal of Empirical Finance},
  volume={18},
  number={2},
  pages={353--367},
  year={2011},
  publisher={Elsevier}
}

@article{barabasi_burstiness,
  title={Burstiness and memory in complex systems},
  author={Goh, K-I and Barab{\'a}si, A-L},
  journal={EPL (Europhysics Letters)},
  volume={81},
  number={4},
  pages={48002},
  year={2008},
  publisher={IOP Publishing}
}

@article{hawkes_mastromatteo,
  title={Hawkes processes in finance},
  author={Bacry, Emmanuel and Mastromatteo, Iacopo and Muzy, Jean-Fran{\c{c}}ois},
  journal={Market Microstructure and Liquidity},
  volume={1},
  number={01},
  pages={1550005},
  year={2015},
  publisher={World Scientific}
}

@article{rough_vol_long_range,
  title={Stochastic volatility and option pricing with long-memory in discrete and continuous time},
  author={Chronopoulou, Alexandra and Viens, Frederi G},
  journal={Quantitative Finance},
  volume={12},
  number={4},
  pages={635--649},
  year={2012},
  publisher={Taylor \& Francis}
}

@article{saichev,
  title={“Universal” distribution of interearthquake times explained},
  author={Saichev, Alex and Sornette, Didier},
  journal={Physical Review Letters},
  volume={97},
  number={7},
  pages={078501},
  year={2006},
  publisher={APS}
}

@article{chicheportiche,
title = {A model-free characterization of recurrences in stationary time series},
journal = {Physica A: Statistical Mechanics and its Applications},
volume = {474},
pages = {312-318},
year = {2017},
author = {Remy Chicheportiche and Anirban Chakraborti},
}

@article{MRW,
  title={Multifractal random walk},
  author={Bacry, Emmanuel and Delour, Jean and Muzy, Jean-Fran{\c{c}}ois},
  journal={Physical Review E},
  volume={64},
  number={2},
  pages={026103},
  year={2001},
  publisher={APS}
}

@article{horbelt_scaling,
  title={Asymptotic scaling laws for precision of parameter estimates in dynamical systems},
  author={Horbelt, Werner and Timmer, Jens},
  journal={Physics Letters A},
  volume={310},
  number={4},
  pages={269--280},
  year={2003},
  publisher={Elsevier}
}

@article{lillo_cojump,
  title={Modelling systemic price cojumps with Hawkes factor models},
  author={Bormetti, Giacomo and Calcagnile, Lucio Maria and Treccani, Michele and Corsi, Fulvio and Marmi, Stefano and Lillo, Fabrizio},
  journal={Quantitative Finance},
  volume={15},
  number={7},
  pages={1137--1156},
  year={2015},
  publisher={Taylor \& Francis}
}

@article{boudt2014intraday,
  title={Intraday liquidity dynamics and news releases around price jumps: Evidence from the DJIA stocks},
  author={Boudt, Kris and Petitjean, Mikael},
  journal={Journal of Financial Markets},
  volume={17},
  pages={121--149},
  year={2014},
  publisher={Elsevier}
}

@article{sornette_ETAS,
  title={Importance of direct and indirect triggered seismicity in the ETAS model of seismicity},
  author={Helmstetter, Agnes and Sornette, Didier},
  journal={Geophysical Research Letters},
  volume={30},
  number={11},
  year={2003},
  publisher={Wiley Online Library}
}

@article{kendall1938new,
  title={A new measure of rank correlation},
  author={Kendall, Maurice G},
  journal={Biometrika},
  volume={30},
  number={1/2},
  pages={81--93},
  year={1938},
  publisher={JSTOR}
}

@article{shapiro1965analysis,
  title={An analysis of variance test for normality (complete samples)},
  author={Shapiro, Samuel Sanford and Wilk, Martin B},
  journal={Biometrika},
  volume={52},
  number={3/4},
  pages={591--611},
  year={1965},
  publisher={JSTOR}
}

@article{helmstetter2002subcritical,
  title={Subcritical and supercritical regimes in epidemic models of earthquake aftershocks},
  author={Helmstetter, Agnes and Sornette, Didier},
  journal={Journal of Geophysical Research: Solid Earth},
  volume={107},
  number={B10},
  pages={ESE--10},
  year={2002},
  publisher={Wiley Online Library}
}

@article{amazon_book_sornette_long,
  title = {Dynamics of book sales: Endogenous versus exogenous shocks in complex networks},
  author = {Desch\^atres, F. and Sornette, D.},
  journal = {Phys. Rev. E},
  volume = {72},
  issue = {1},
  pages = {016112},
  numpages = {16},
  year = {2005},
  month = {Jul},
  publisher = {American Physical Society}
}


@article{lillo_news_hawkes_activity,
  title = {Modeling foreign exchange market activity around macroeconomic news: Hawkes-process approach},
  author = {Rambaldi, Marcello and Pennesi, Paris and Lillo, Fabrizio},
  journal = {Phys. Rev. E},
  volume = {91},
  issue = {1},
  pages = {012819},
  numpages = {15},
  year = {2015},
  month = {Jan},
  publisher = {American Physical Society},
  doi = {10.1103/PhysRevE.91.012819}
}


@article{hisano2013high,
  title={High quality topic extraction from business news explains abnormal financial market volatility},
  author={Hisano, Ryohei and Sornette, Didier and Mizuno, Takayuki and Ohnishi, Takaaki and Watanabe, Tsutomu},
  journal={PloS one},
  volume={8},
  number={6},
  pages={e64846},
  year={2013},
  publisher={Public Library of Science}
}

@article{fosset2020non,
  title={Non-parametric estimation of quadratic Hawkes processes for order book events},
  author={Fosset, Antoine and Bouchaud, Jean-Philippe and Benzaquen, Michael},
  journal={The European Journal of Finance},
  pages={1--16},
  year={2021},
  publisher={Taylor \& Francis}
}

@article{shiller,
  title={Do Stock Prices Move Too Much to be Justified by Subsequent Changes in Dividends?},
  author={Shiller, Robert J},
  journal={The American Economic Review},
  volume={71},
  number={3},
  pages={421--436},
  year={1981},
  publisher={JSTOR}
}

@article{knn_ref,
  title={An introduction to kernel and nearest-neighbor nonparametric regression},
  author={Altman, Naomi S},
  journal={The American Statistician},
  volume={46},
  number={3},
  pages={175--185},
  year={1992},
  publisher={Taylor \& Francis Group}
}

@article{ARI_ref,
  title={Information theoretic measures for clusterings comparison: Variants, properties, normalization and correction for chance},
  author={Vinh, Nguyen Xuan and Epps, Julien and Bailey, James},
  journal={The Journal of Machine Learning Research},
  volume={11},
  pages={2837--2854},
  year={2010},
  publisher={JMLR. org}
}

@article{complete_link_ref,
  title={An efficient algorithm for a complete link method},
  author={Defays, Daniel},
  journal={The Computer Journal},
  volume={20},
  number={4},
  pages={364--366},
  year={1977},
  publisher={Oxford University Press}
}

@article{LASSO_ref,
  title={On model selection consistency of Lasso},
  author={Zhao, Peng and Yu, Bin},
  journal={The Journal of Machine Learning Research},
  volume={7},
  pages={2541--2563},
  year={2006},
  publisher={JMLR. org}
}

@book{beran1994statistics,
  title={Statistics for long-memory processes},
  author={Beran, Jan},
  volume={61},
  year={1994},
  publisher={CRC press}
}